@article{MAI2018,
title = {Quantitative wave function analysis for excited states of transition metal complexes},
journal = {Coordination Chemistry Reviews},
volume = {361},
pages = {74-97},
year = {2018},
issn = {0010-8545},
author = {Sebastian Mai and Felix Plasser and Johann Dorn and Maria Fumanal and Chantal Daniel and Leticia Gonz√°lez},
}

@Article{Buckingham:67,
  Title = {Permanent and Induced Molecular Moments and Long-Range Intermolecular Forces},
  Author = {A. D. Buckingham},
  Journal = {Adv. Chem. Phys.},
  Pages = {107-142},
  Volume = {12},
  Year = {1967},
  Doi = {10.1002/9780470143582.ch2}
}

